@book{curtis_book, 
	author = {Howard D. Curtis},
	title  = {Orbital Mechanics for Engineering Students},
	year   = {2014},
	publisher = {Elsevier}
}